
AIDS in Third World countries [letter]
Author: Alcena V.  Source: NEW YORK STATE JOURNAL OF MEDICINE. 1986 Aug; 86(8):446.(http://www.popline.org/node/363663)
@article {Alce86,
	author = {{Alcena V.}},
	year = {1986},
	title = {AIDS in Third world countries},
	publisher = "Aug, 86(8): 44. New York State Journal of Medicine",
	address = "New York",
}
