@article {,
author = {},
year = {1987 Jun 11},
title = {{}},
journal = {},
id = {10.1056/NEJM198706113162412 [doi]},
volume = {},
pages = {}}

@article {GustKret11,
author = {Gust, D. A.  and Kretsinger, K.  and Pals, S. L.  and Gaul, Z. J.  and Hefflefinger, J. D.  and Begley, E. B.  and Chen, R. T.  and Kilmarx, P. H.},
year = {2011 Mar-Apr},
title = {{Male circumcision as an HIV prevention intervention in the U.S.: Influence of health care providers and potential for risk compensation.}},
journal = {Prev Med},
id = {S0091-7435(11)00043-0 [pii] #AND# 10.1016/j.ypmed.2011.01.015 [doi]},
volume = {52},
pages = {270-3}}

@article {WateLiM13,
author = {Waters, E.  and Li, M.  and Mugisa, B.  and Bowa, K.  and Linyama, D.  and Stringer, E.  and Stringer, J.},
year = {2013 Jul},
title = {{Acceptability and uptake of neonatal male circumcision in Lusaka, Zambia.}},
journal = {AIDS Behav},
id = {10.1007/s10461-012-0297-8 [doi]},
volume = {17},
pages = {2114-22}}

@article {GillBroo10,
author = {Gilliam, F. D.  and Brooks, R. A.  and Leibowitz, A. A.  and Klosinski, L. E.  and Sawires, S.  and Szekeres, G.  and Weston, M.  and Coates, T. J.},
year = {2010 Oct},
title = {{Framing male circumcision to promote its adoption in different settings.}},
journal = {AIDS Behav},
id = {10.1007/s10461-009-9656-5 [doi]},
volume = {14},
pages = {1207-11}}

@article {CallFord10,
author = {Callaghan, M.  and Ford, N.  and Schneider, H.},
year = {2010},
title = {{A systematic review of task- shifting for HIV treatment and care in Africa.}},
journal = {Hum Resour Health},
id = {1478-4491-8-8 [pii] #AND# 10.1186/1478-4491-8-8 [doi]},
volume = {8},
pages = {8}}

@article {MuzyThom12,
author = {Muzyka, C. N.  and Thompson, L. H.  and Bombak, A. E.  and Driedger, S. M.  and Lorway, R.},
year = {2012},
title = {{A Kenyan newspaper analysis of the limitations of voluntary medical male circumcision and the importance of sustained condom use.}},
journal = {BMC Public Health},
id = {1471-2458-12-465 [pii] #AND# 10.1186/1471-2458-12-465 [doi]},
volume = {12},
pages = {465}}

@article {WeisZulu15,
author = {Weiss, S. M.  and Zulu, R.  and Jones, D. L.  and Redding, C. A.  and Cook, R.  and Chitalu, N.},
year = {2015 May},
title = {{The Spear and Shield intervention to increase the availability and acceptability of voluntary medical male circumcision in Zambia: a cluster randomised controlled trial.}},
journal = {Lancet HIV},
id = {10.1016/S2352-3018(15)00042-9 [doi]},
volume = {2},
pages = {e181-9}}

@article {MartTriv15,
author = {Martinez Perez, G.  and Trivino Duran, L.  and Gasch, A.  and Desmond, N.},
year = {2015},
title = {{Towards a gender perspective in qualitative research on voluntary medical male circumcision in east and southern Africa.}},
journal = {Glob Public Health},
id = {10.1080/17441692.2015.1014826 [doi]},
volume = {10},
pages = {626-38}}

@article {WillLloy06,
author = {Williams, B. G.  and Lloyd-Smith, J. O.  and Gouws, E.  and Hankins, C.  and Getz, W. M.  and Hargrove, J.  and de Zoysa, I.  and Dye, C.  and Auvert, B.},
year = {2006 Jul},
title = {{The potential impact of male circumcision on HIV in Sub-Saharan Africa.}},
journal = {PLoS Med},
id = {05-PLME-RA-0709R2 [pii] #AND# 10.1371/journal.pmed.0030262 [doi]},
volume = {3},
pages = {e262}}

@article {WilsGore04,
author = {Wilson, T. E.  and Gore, M. E.  and Greenblatt, R.  and Cohen, M.  and Minkoff, H.  and Silver, S.  and Robison, E.  and Levine, A.  and Gange, S. J.},
year = {2004 Jul},
title = {{Changes in sexual behavior among HIV-infected women after initiation of HAART.}},
journal = {Am J Public Health},
id = {94/7/1141 [pii]},
volume = {94},
pages = {1141-6}}

@article {SgaiBaer15,
author = {Sgaier, S. K.  and Baer, J.  and Rutz, D. C.  and Njeuhmeli, E.  and Seifert-Ahanda, K.  and Basinga, P.  and Parkyn, R.  and Laube, C.},
year = {2015},
title = {{Toward a Systematic Approach to Generating Demand for Voluntary Medical Male Circumcision: Insights and Results From Field Studies.}},
journal = {Glob Health Sci Pract},
id = {GHSP-D-15-00020 [pii] #AND# 10.9745/GHSP-D-15-00020 [doi]},
volume = {3},
pages = {209-29}}

@article {BoylHill11,
author = {Boyle, G. J.  and Hill, G.},
year = {2011 Dec},
title = {{Sub-Saharan African randomised clinical trials into male circumcision and HIV transmission: methodological, ethical and legal concerns.}},
journal = {J Law Med},
id = {},
volume = {19},
pages = {316-34}}

@article {CurrNjeu11,
author = {Curran, K.  and Njeuhmeli, E.  and Mirelman, A.  and Dickson, K.  and Adamu, T.  and Cherutich, P.  and Mahler, H.  and Fimbo, B.  and Mavuso, T. K.  and Albertini, J.  and Fitzgerald, L.  and Bock, N.  and Reed, J.  and Castor, D.  and Stanton, D.},
year = {2011 Nov},
title = {{Voluntary medical male circumcision: strategies for meeting the human resource needs of scale-up in southern and eastern Africa.}},
journal = {PLoS Med},
id = {10.1371/journal.pmed.1001129 [doi] #AND# PMEDICINE-D-11-01222 [pii]},
volume = {8},
pages = {e1001129}}

@article {WamaMorr11,
author = {Wamai, R. G.  and Morris, B. J.  and Bailis, S. A.  and Sokal, D.  and Klausner, J. D.  and Appleton, R.  and Sewankambo, N.  and Cooper, D. A.  and Bongaarts, J.  and de Bruyn, G.  and Wodak, A. D.  and Banerjee, J.},
year = {2011},
title = {{Male circumcision for HIV prevention: current evidence and implementation in sub-Saharan Africa.}},
journal = {J Int AIDS Soc},
id = {1758-2652-14-49 [pii] #AND# 10.1186/1758-2652-14-49 [doi]},
volume = {14},
pages = {49}}

@article {GrunHenn12,
author = {Grund, J. M.  and Hennink, M. M.},
year = {2012},
title = {{A qualitative study of sexual behavior change and risk compensation following adult male circumcision in urban Swaziland.}},
journal = {AIDS Care},
id = {10.1080/09540121.2011.596516 [doi]},
volume = {24},
pages = {245-51}}

@article {NelsCele96,
author = {Nelson, K. E.  and Celentano, D. D.  and Eiumtrakol, S.  and Hoover, D. R.  and Beyrer, C.  and Suprasert, S.  and Kuntolbutra, S.  and Khamboonruang, C.},
year = {1996 Aug 1},
title = {{Changes in sexual behavior and a decline in HIV infection among young men in Thailand.}},
journal = {N Engl J Med},
id = {10.1056/NEJM199608013350501 [doi]},
volume = {335},
pages = {297-303}}

@article {KibiSand16,
author = {Kibira, S. P. S.  and Sandoy, I. F.  and Daniel, M.  and Atuyambe, L. M.  and Makumbi, F. E.},
year = {2016},
title = {{A comparison of sexual risk behaviours and HIV seroprevalence among circumcised and uncircumcised men before and after implementation of the safe male circumcision programme in Uganda.}},
journal = {BMC Public Health},
id = {10.1186/s12889-015-2668-3 [doi] #AND# 10.1186/s12889-015-2668-3 [pii]},
volume = {16},
pages = {7}}

@article {ReedNjeu12,
author = {Reed, J. B.  and Njeuhmeli, E.  and Thomas, A. G.  and Bacon, M. C.  and Bailey, R.  and Cherutich, P.  and Curran, K.  and Dickson, K.  and Farley, T.  and Hankins, C.  and Hatzold, K.  and Justman, J.  and Mwandi, Z.  and Nkinsi, L.  and Ridzon, R.  and Ryan, C.  and Bock, N.},
year = {2012 Aug 15},
title = {{Voluntary medical male circumcision: an HIV prevention priority for PEPFAR.}},
journal = {J Acquir Immune Defic Syndr},
id = {10.1097/QAI.0b013e31825cac4e [doi] #AND# 00126334-201208153-00007 [pii]},
volume = {60 Suppl 3},
pages = {S88-95}}

@article {WilcKeil10,
author = {Wilcken, A.  and Keil, T.  and Dick, B.},
year = {2010 Dec 1},
title = {{Traditional male circumcision in eastern and southern Africa: a systematic review of prevalence and complications.}},
journal = {Bull World Health Organ},
id = {10.2471/BLT.09.072975 [doi]},
volume = {88},
pages = {907-14}}

@article {MwanMurp11,
author = {Mwandi, Z.  and Murphy, A.  and Reed, J.  and Chesang, K.  and Njeuhmeli, E.  and Agot, K.  and Llewellyn, E.  and Kirui, C.  and Serrem, K.  and Abuya, I.  and Loolpapit, M.  and Mbayaki, R.  and Kiriro, N.  and Cherutich, P.  and Muraguri, N.  and Motoku, J.  and Kioko, J.  and Knight, N.  and Bock, N.},
year = {2011 Nov},
title = {{Voluntary medical male circumcision: translating research into the rapid expansion of services in Kenya, 2008-2011.}},
journal = {PLoS Med},
id = {10.1371/journal.pmed.1001130 [doi] #AND# PMEDICINE-D-11-01224 [pii]},
volume = {8},
pages = {e1001130}}

@article {RiesAchi10,
author = {Riess, T. H.  and Achieng', M. M.  and Otieno, S.  and Ndinya-Achola, J. O.  and Bailey, R. C.},
year = {2010},
title = {{"When I was circumcised I was taught certain things": risk compensation and protective sexual behavior among circumcised men in Kisumu, Kenya.}},
journal = {PLoS One},
id = {10.1371/journal.pone.0012366 [doi]},
volume = {5},
pages = {e12366}}

@article {AwadSgai15,
author = {Awad, S. F.  and Sgaier, S. K.  and Ncube, G.  and Xaba, S.  and Mugurungi, O. M.  and Mhangara, M. M.  and Lau, F. K.  and Mohamoud, Y. A.  and Abu-Raddad, L. J.},
year = {2015},
title = {{A Reevaluation of the Voluntary Medical Male Circumcision Scale-Up Plan in Zimbabwe.}},
journal = {PLoS One},
id = {10.1371/journal.pone.0140818 [doi] #AND# PONE-D-15-20378 [pii]},
volume = {10},
pages = {e0140818}}

@article {HallSing08,
author = {Hallett, T. B.  and Singh, K.  and Smith, J. A.  and White, R. G.  and Abu-Raddad, L. J.  and Garnett, G. P.},
year = {2008},
title = {{Understanding the impact of male circumcision interventions on the spread of HIV in southern Africa.}},
journal = {PLoS One},
id = {10.1371/journal.pone.0002212 [doi]},
volume = {3},
pages = {e2212}}

@article {KaliEato07,
author = {Kalichman, S.  and Eaton, L.  and Pinkerton, S.},
year = {2007 Mar 27},
title = {{Circumcision for HIV prevention: failure to fully account for behavioral risk compensation.}},
journal = {PLoS Med},
id = {07-PLME-C-0106 [pii] #AND# 10.1371/journal.pmed.0040138 [doi]},
volume = {4},
pages = {e138; author reply e146}}

@article {SilvDeck08,
author = {Silverman, J. G.  and Decker, M. R.  and Saggurti, N.  and Balaiah, D.  and Raj, A.},
year = {2008 Aug 13},
title = {{Intimate partner violence and HIV infection among married Indian women.}},
journal = {JAMA},
id = {300/6/703 [pii] #AND# 10.1001/jama.300.6.703 [doi]},
volume = {300},
pages = {703-10}}

@article {WhitGlyn08,
author = {White, R. G.  and Glynn, J. R.  and Orroth, K. K.  and Freeman, E. E.  and Bakker, R.  and Weiss, H. A.  and Kumaranayake, L.  and Habbema, J. D. F.  and Buve, A.  and Hayes, R. J.},
year = {2008 Sep 12},
title = {{Male circumcision for HIV prevention in sub-Saharan Africa: who, what and when?}},
journal = {AIDS},
id = {10.1097/QAD.0b013e32830e0137 [doi]},
volume = {22},
pages = {1841-50}}

@article {AndeCock12,
author = {Andersson, N.  and Cockcroft, A.},
year = {2012},
title = {{Male circumcision, attitudes to HIV prevention and HIV status: a cross-sectional study in Botswana, Namibia and Swaziland.}},
journal = {AIDS Care},
id = {10.1080/09540121.2011.608793 [doi]},
volume = {24},
pages = {301-9}}

@article {HeweHall12,
author = {Hewett, P. C.  and Hallett, T. B.  and Mensch, B. S.  and Dzekedzeke, K.  and Zimba-Tembo, S.  and Garnett, G. P.  and Todd, P. E.},
year = {2012 Mar 27},
title = {{Sex with stitches: assessing the resumption of sexual activity during the postcircumcision wound-healing period.}},
journal = {AIDS},
id = {10.1097/QAD.0b013e32835097ff [doi]},
volume = {26},
pages = {749-56}}

@article {BrowElla12,
author = {Brown, G.  and Ellard, J.  and Mooney-Somers, J.  and Hildebrand, J.  and Langdon, T.},
year = {2012},
title = {{HIV risk among Australian men travelling overseas: networks and context matter.}},
journal = {Cult Health Sex},
id = {10.1080/13691058.2012.678015 [doi]},
volume = {14},
pages = {677-90}}

@article {OrroWhit11,
author = {Orroth, K. K.  and White, R. G.  and Freeman, E. E.  and Bakker, R.  and Buve, A.  and Glynn, J. R.  and Habbema, J. D. F.  and Hayes, R. J.},
year = {2011 Dec},
title = {{Attempting to explain heterogeneous HIV epidemics in sub-Saharan Africa: potential role of historical changes in risk behaviour and male circumcision.}},
journal = {Sex Transm Infect},
id = {sextrans-2011-050174 [pii] #AND# 10.1136/sextrans-2011-050174 [doi]},
volume = {87},
pages = {640-5}}

@article {ZungSimb16,
author = {Zungu, N. P.  and Simbayi, L. C.  and Mabaso, M.  and Evans, M.  and Zuma, K.  and Ncitakalo, N.  and Sifunda, S.},
year = {2016},
title = {{HIV risk perception and behavior among medically and traditionally circumcised males in South Africa.}},
journal = {BMC Public Health},
id = {10.1186/s12889-016-3024-y [doi] #AND# 10.1186/s12889-016-3024-y [pii]},
volume = {16},
pages = {357}}

@article {KenyVuL14,
author = {Kenyon, C. R.  and Vu, L.  and Menten, J.  and Maughan-Brown, B.},
year = {2014},
title = {{Male circumcision and sexual risk behaviors may contribute to considerable ethnic disparities in HIV prevalence in Kenya: an ecological analysis.}},
journal = {PLoS One},
id = {10.1371/journal.pone.0106230 [doi] #AND# PONE-D-14-11048 [pii]},
volume = {9},
pages = {e106230}}

@article {PricPatt06,
author = {Price, A. L.  and Patterson, N. J.  and Plenge, R. M.  and Weinblatt, M. E.  and Shadick, N. A.  and Reich, D.},
year = {2006 Aug},
title = {{Principal components analysis corrects for stratification in genome-wide association studies.}},
journal = {Nat Genet},
id = {ng1847 [pii] #AND# 10.1038/ng1847 [doi]},
volume = {38},
pages = {904-9}}

@article {GardYoun14,
author = {Gardner, E. M.  and Young, B.},
year = {2014 Jan},
title = {{The HIV care cascade through time.}},
journal = {Lancet Infect Dis},
id = {S1473-3099(13)70272-X [pii] #AND# 10.1016/S1473-3099(13)70272-X [doi]},
volume = {14},
pages = {5-6}}

@article {HallAlsa11,
author = {Hallett, T. B.  and Alsallaq, R. A.  and Baeten, J. M.  and Weiss, H.  and Celum, C.  and Gray, R.  and Abu-Raddad, L.},
year = {2011 Mar},
title = {{Will circumcision provide even more protection from HIV to women and men? New estimates of the population impact of circumcision interventions.}},
journal = {Sex Transm Infect},
id = {sti.2010.043372 [pii] #AND# 10.1136/sti.2010.043372 [doi]},
volume = {87},
pages = {88-93}}

@article {NageMose07,
author = {Nagelkerke, N. J. D.  and Moses, S.  and de Vlas, S. J.  and Bailey, R. C.},
year = {2007},
title = {{Modelling the public health impact of male circumcision for HIV prevention in high prevalence areas in Africa.}},
journal = {BMC Infect Dis},
id = {1471-2334-7-16 [pii] #AND# 10.1186/1471-2334-7-16 [doi]},
volume = {7},
pages = {16}}

@article {WestBail10,
author = {Westercamp, M.  and Bailey, R. C.  and Bukusi, E. A.  and Montandon, M.  and Kwena, Z.  and Cohen, C. R.},
year = {2010},
title = {{Male circumcision in the general population of Kisumu, Kenya: beliefs about protection, risk behaviors, HIV, and STIs.}},
journal = {PLoS One},
id = {10.1371/journal.pone.0015552 [doi]},
volume = {5},
pages = {e15552}}

@article {KibiNans14,
author = {Kibira, S. P. S.  and Nansubuga, E.  and Tumwesigye, N. M.  and Atuyambe, L. M.  and Makumbi, F.},
year = {2014},
title = {{Differences in risky sexual behaviors and HIV prevalence of circumcised and uncircumcised men in Uganda: evidence from a 2011 cross-sectional national survey.}},
journal = {Reprod Health},
id = {1742-4755-11-25 [pii] #AND# 10.1186/1742-4755-11-25 [doi]},
volume = {11},
pages = {25}}

@article {SgaiReed14,
author = {Sgaier, S. K.  and Reed, J. B.  and Thomas, A.  and Njeuhmeli, E.},
year = {2014 May},
title = {{Achieving the HIV prevention impact of voluntary medical male circumcision: lessons and challenges for managing programs.}},
journal = {PLoS Med},
id = {10.1371/journal.pmed.1001641 [doi] #AND# PMEDICINE-D-14-00280 [pii]},
volume = {11},
pages = {e1001641}}

@article {Cohe11,
author = {Cohen, J.},
year = {2011 Dec 9},
title = {{HIV prevention. Halting HIV/AIDS epidemics.}},
journal = {Science},
id = {334/6061/1338 [pii] #AND# 10.1126/science.334.6061.1338 [doi]},
volume = {334},
pages = {1338-40}}

@article {ShiKouy13,
author = {Shi, C. F.  and Kouyoumdjian, F. G.  and Dushoff, J.},
year = {2013},
title = {{Intimate partner violence is associated with HIV infection in women in Kenya: a cross-sectional analysis.}},
journal = {BMC Public Health},
id = {1471-2458-13-512 [pii] #AND# 10.1186/1471-2458-13-512 [doi]},
volume = {13},
pages = {512}}

@article {BellFior13,
author = {Bellan, S. E.  and Fiorella, K. J.  and Melesse, D. Y.  and Getz, W. M.  and Williams, B. G.  and Dushoff, J.},
year = {2013 May 4},
title = {{Extra-couple HIV transmission in sub-Saharan Africa: a mathematical modelling study of survey data.}},
journal = {Lancet},
id = {S0140-6736(12)61960-6 [pii] #AND# 10.1016/S0140-6736(12)61960-6 [doi]},
volume = {381},
pages = {1561-9}}

@article {RiesAchi14,
author = {Riess, T. H.  and Achieng', M. M.  and Bailey, R. C.},
year = {2014},
title = {{Women's beliefs about male circumcision, HIV prevention, and sexual behaviors in Kisumu, Kenya.}},
journal = {PLoS One},
id = {10.1371/journal.pone.0097748 [doi] #AND# PONE-D-14-00469 [pii]},
volume = {9},
pages = {e97748}}

@article {CassHalp06,
author = {Cassell, M. M.  and Halperin, D. T.  and Shelton, J. D.  and Stanton, D.},
year = {2006 Mar 11},
title = {{Risk compensation: the Achilles' heel of innovations in HIV prevention?}},
journal = {BMJ},
id = {332/7541/605 [pii] #AND# 10.1136/bmj.332.7541.605 [doi]},
volume = {332},
pages = {605-7}}

@article {WangDuke09,
author = {Wang, A. L.  and Duke, W.  and Schmid, G. P.},
year = {2009 Aug},
title = {{Print media reporting of male circumcision for preventing HIV infection in sub-Saharan Africa.}},
journal = {Bull World Health Organ},
id = {S0042-96862009000800015 [pii]},
volume = {87},
pages = {595-603}}

@article {HermOtie11,
author = {Herman-Roloff, A.  and Otieno, N.  and Agot, K.  and Ndinya-Achola, J.  and Bailey, R. C.},
year = {2011},
title = {{Acceptability of medical male circumcision among uncircumcised men in Kenya one year after the launch of the national male circumcision program.}},
journal = {PLoS One},
id = {10.1371/journal.pone.0019814 [doi] #AND# PONE-D-11-00899 [pii]},
volume = {6},
pages = {e19814}}

@article {LayeBeck13,
author = {Layer, E. H.  and Beckham, S. W.  and Momburi, R. B.  and Kennedy, C. E.},
year = {2013 Aug},
title = {{Understanding the partial protection of male circumcision for HIV prevention among women in Iringa Region, Tanzania: an ethnomedical model.}},
journal = {AIDS Care},
id = {10.1080/09540121.2012.748874 [doi]},
volume = {25},
pages = {1045-50}}

@article {MehtKrie10,
author = {Mehta, S. D.  and Krieger, J. N.  and Agot, K.  and Moses, S.  and Ndinya-Achola, J. O.  and Parker, C.  and Bailey, R. C.},
year = {2010 Jul},
title = {{Circumcision and reduced risk of self-reported penile coital injuries: results from a randomized controlled trial in Kisumu, Kenya.}},
journal = {J Urol},
id = {S0022-5347(10)02988-5 [pii] #AND# 10.1016/j.juro.2010.03.015 [doi]},
volume = {184},
pages = {203-9}}

@article {McCoShor06,
author = {McCoombe, S. G.  and Short, R. V.},
year = {2006 Jul 13},
title = {{Potential HIV-1 target cells in the human penis.}},
journal = {AIDS},
id = {10.1097/01.aids.0000237364.11123.98 [doi] #AND# 00002030-200607130-00003 [pii]},
volume = {20},
pages = {1491-5}}

@article {LondMurr08,
author = {Londish, G. J.  and Murray, J. M.},
year = {2008 Dec},
title = {{Significant reduction in HIV prevalence according to male circumcision intervention in sub-Saharan Africa.}},
journal = {Int J Epidemiol},
id = {dyn038 [pii] #AND# 10.1093/ije/dyn038 [doi]},
volume = {37},
pages = {1246-53}}

@article {HalpBail99,
author = {Halperin, D. T.  and Bailey, R. C.},
year = {1999 Nov 20},
title = {{Male circumcision and HIV infection: 10 years and counting.}},
journal = {Lancet},
id = {S0140-6736(99)03421-2 [pii] #AND# 10.1016/S0140-6736(99)03421-2 [doi]},
volume = {354},
pages = {1813-5}}

@article {EatoCain11,
author = {Eaton, L. A.  and Cain, D. N.  and Agrawal, A.  and Jooste, S.  and Udemans, N.  and Kalichman, S. C.},
year = {2011 Nov},
title = {{The influence of male circumcision for HIV prevention on sexual behaviour among traditionally circumcised men in Cape Town, South Africa.}},
journal = {Int J STD AIDS},
id = {22/11/674 [pii] #AND# 10.1258/ijsa.2011.011006 [doi]},
volume = {22},
pages = {674-9}}

@article {AlsaCash09,
author = {Alsallaq, R. A.  and Cash, B.  and Weiss, H. A.  and Longini, I. M. J.  and Omer, S. B.  and Wawer, M. J.  and Gray, R. H.  and Abu-Raddad, L. J.},
year = {2009 Sep},
title = {{Quantitative assessment of the role of male circumcision in HIV epidemiology at the population level.}},
journal = {Epidemics},
id = {S1755-4365(09)00040-1 [pii] #AND# 10.1016/j.epidem.2009.08.001 [doi]},
volume = {1},
pages = {139-52}}

@article {PeltSimb12,
author = {Peltzer, K.  and Simbayi, L.  and Banyini, M.  and Kekana, Q.},
year = {2012 Sep},
title = {{HIV risk reduction intervention among medically circumcised young men in South Africa: a randomized controlled trial.}},
journal = {Int J Behav Med},
id = {10.1007/s12529-011-9171-8 [doi]},
volume = {19},
pages = {336-41}}

@article {AbeiMuga15,
author = {Abeid, M.  and Muganyizi, P.  and Massawe, S.  and Mpembeni, R.  and Darj, E.  and Axemo, P.},
year = {2015},
title = {{Knowledge and attitude towards rape and child sexual abuse--a community-based cross-sectional study in rural Tanzania.}},
journal = {BMC Public Health},
id = {10.1186/s12889-015-1757-7 [doi] #AND# 10.1186/s12889-015-1757-7 [pii]},
volume = {15},
pages = {428}}

@article {ScheChu01,
author = {Scheer, S.  and Chu, P. L.  and Klausner, J. D.  and Katz, M. H.  and Schwarcz, S. K.},
year = {2001 Feb 10},
title = {{Effect of highly active antiretroviral therapy on diagnoses of sexually transmitted diseases in people with AIDS.}},
journal = {Lancet},
id = {S0140-6736(00)04007-1 [pii] #AND# 10.1016/S0140-6736(00)04007-1 [doi]},
volume = {357},
pages = {432-5}}

@article {KapiLyam98,
author = {Kapiga, S. H.  and Lyamuya, E. F.  and Lwihula, G. K.  and Hunter, D. J.},
year = {1998 Jan 1},
title = {{The incidence of HIV infection among women using family planning methods in Dar es Salaam, Tanzania.}},
journal = {AIDS},
id = {},
volume = {12},
pages = {75-84}}

@article {BailNeem99,
author = {Bailey, R. C.  and Neema, S.  and Othieno, R.},
year = {1999 Nov 1},
title = {{Sexual behaviors and other HIV risk factors in circumcised and uncircumcised men in Uganda.}},
journal = {J Acquir Immune Defic Syndr},
id = {},
volume = {22},
pages = {294-301}}

@article {Chen13,
author = {Chen, Y.},
year = {2013 Mar},
title = {{Treatment-related optimistic beliefs and risk of HIV transmission: a review of recent findings (2009-2012) in an era of treatment as prevention.}},
journal = {Curr HIV/AIDS Rep},
id = {10.1007/s11904-012-0144-6 [doi]},
volume = {10},
pages = {79-88}}

@article {UrasTodd97,
author = {Urassa, M.  and Todd, J.  and Boerma, J. T.  and Hayes, R.  and Isingo, R.},
year = {1997 Mar},
title = {{Male circumcision and susceptibility to HIV infection among men in Tanzania.}},
journal = {AIDS},
id = {},
volume = {11},
pages = {73-80}}

@article {MontKasp14,
author = {Montano, D. E.  and Kasprzyk, D.  and Hamilton, D. T.  and Tshimanga, M.  and Gorn, G.},
year = {2014 May},
title = {{Evidence-based identification of key beliefs explaining adult male circumcision motivation in Zimbabwe: targets for behavior change messaging.}},
journal = {AIDS Behav},
id = {10.1007/s10461-013-0686-7 [doi]},
volume = {18},
pages = {885-904}}

@article {PadiBuve08,
author = {Padian, N. S.  and Buve, A.  and Balkus, J.  and Serwadda, D.  and Cates, W. J.},
year = {2008 Aug 16},
title = {{Biomedical interventions to prevent HIV infection: evidence, challenges, and way forward.}},
journal = {Lancet},
id = {S0140-6736(08)60885-5 [pii] #AND# 10.1016/S0140-6736(08)60885-5 [doi]},
volume = {372},
pages = {585-99}}

@article {AyigLeta11,
author = {Ayiga, N.  and Letamo, G.},
year = {2011 Dec},
title = {{Impact of male circumcision on HIV risk compensation through the impediment of condom use in Botswana.}},
journal = {Afr Health Sci},
id = {},
volume = {11},
pages = {550-9}}

@article {MwanBunn12,
author = {Mwandi, Z.  and Bunnell, R.  and Cherutich, P.  and Mermin, J.  and Kim, A. A.  and Gichangi, A.  and Mureithi, P.  and Kellogg, T. A.  and Oluoch, T.  and Muttunga, J.  and Ngare, C.  and Kim, E.  and Kaiser, R.},
year = {2012 Sep 1},
title = {{Male circumcision programmes in Kenya: lessons from the Kenya AIDS Indicator Survey 2007.}},
journal = {Bull World Health Organ},
id = {10.2471/BLT.11.096412 [doi] #AND# BLT.11.096412 [pii]},
volume = {90},
pages = {642-51}}

@article {CoheGay10,
author = {Cohen, M. S.  and Gay, C. L.  and Busch, M. P.  and Hecht, F. M.},
year = {2010 Oct 15},
title = {{The detection of acute HIV infection.}},
journal = {J Infect Dis},
id = {10.1086/655651 [doi]},
volume = {202 Suppl 2},
pages = {S270-7}}

@article {MaugVenk11,
author = {Maughan-Brown, B.  and Venkataramani, A. S.  and Nattrass, N.  and Seekings, J.  and Whiteside, A. W.},
year = {2011 Dec 15},
title = {{A cut above the rest: traditional male circumcision and HIV risk among Xhosa men in Cape Town, South Africa.}},
journal = {J Acquir Immune Defic Syndr},
id = {10.1097/QAI.0b013e31823584c1 [doi]},
volume = {58},
pages = {499-505}}

@article {GreeMaha13,
author = {Greely, P.  and Maharaj, P.  and Letsoalo, T.  and Miti, A.},
year = {2013},
title = {{Traditional male circumcision for reducing the risk of HIV infection: perspectives of young people in South Africa.}},
journal = {Cult Health Sex},
id = {10.1080/13691058.2012.740074 [doi]},
volume = {15},
pages = {148-59}}

@article {Unde13,
author = {Underhill, K.},
year = {2013 Oct},
title = {{Study designs for identifying risk compensation behavior among users of biomedical HIV prevention technologies: balancing methodological rigor and research ethics.}},
journal = {Soc Sci Med},
id = {S0277-9536(13)00182-2 [pii] #AND# 10.1016/j.socscimed.2013.03.020 [doi]},
volume = {94},
pages = {115-23}}

@article {,
author = {},
year = {2013 Nov 29},
title = {{}},
journal = {},
id = {mm6247a3 [pii]},
volume = {},
pages = {}}

@article {GasaSark12,
author = {Gasasira, R. A.  and Sarker, M.  and Tsague, L.  and Nsanzimana, S.  and Gwiza, A.  and Mbabazi, J.  and Karema, C.  and Asiimwe, A.  and Mugwaneza, P.},
year = {2012},
title = {{Determinants of circumcision and willingness to be circumcised by Rwandan men, 2010.}},
journal = {BMC Public Health},
id = {1471-2458-12-134 [pii] #AND# 10.1186/1471-2458-12-134 [doi]},
volume = {12},
pages = {134}}

@article {KongSsek14,
author = {Kong, X.  and Ssekasanvu, J.  and Kigozi, G.  and Lutalo, T.  and Nalugoda, F.  and Serwadda, D.  and Wawer, M.  and Gray, R.},
year = {2014 May},
title = {{Male circumcision coverage, knowledge, and attitudes after 4-years of program scale-up in Rakai, Uganda.}},
journal = {AIDS Behav},
id = {10.1007/s10461-014-0740-0 [doi]},
volume = {18},
pages = {880-4}}

@article {MehtMose13,
author = {Mehta, S. D.  and Moses, S.  and Agot, K.  and Odoyo-June, E.  and Li, H.  and Maclean, I.  and Hedeker, D.  and Bailey, R. C.},
year = {2013 Nov 28},
title = {{The long-term efficacy of medical male circumcision against HIV acquisition.}},
journal = {AIDS},
id = {10.1097/01.aids.0000432444.30308.2d [doi]},
volume = {27},
pages = {2899-907}}

@article {NyikMugu16,
author = {Nyika, H.  and Mugurungi, O.  and Shambira, G.  and Gombe, N. T.  and Bangure, D.  and Mungati, M.  and Tshimanga, M.},
year = {2016},
title = {{Factors associated with late presentation for HIV/AIDS care in Harare City, Zimbabwe, 2015.}},
journal = {BMC Public Health},
id = {10.1186/s12889-016-3044-7 [doi] #AND# 10.1186/s12889-016-3044-7 [pii]},
volume = {16},
pages = {369}}

@article {EdgiStan11,
author = {Edgil, D.  and Stankard, P.  and Forsythe, S.  and Rech, D.  and Chrouser, K.  and Adamu, T.  and Sakallah, S.  and Thomas, A. G.  and Albertini, J.  and Stanton, D.  and Dickson, K. E.  and Njeuhmeli, E.},
year = {2011 Nov},
title = {{Voluntary medical male circumcision: logistics, commodities, and waste management requirements for scale-up of services.}},
journal = {PLoS Med},
id = {10.1371/journal.pmed.1001128 [doi] #AND# PMEDICINE-D-11-01226 [pii]},
volume = {8},
pages = {e1001128}}

@article {WaweMaku09,
author = {Wawer, M. J.  and Makumbi, F.  and Kigozi, G.  and Serwadda, D.  and Watya, S.  and Nalugoda, F.  and Buwembo, D.  and Ssempijja, V.  and Kiwanuka, N.  and Moulton, L. H.  and Sewankambo, N. K.  and Reynolds, S. J.  and Quinn, T. C.  and Opendi, P.  and Iga, B.  and Ridzon, R.  and Laeyendecker, O.  and Gray, R. H.},
year = {2009 Jul 18},
title = {{Circumcision in HIV-infected men and its effect on HIV transmission to female partners in Rakai, Uganda: a randomised controlled trial.}},
journal = {Lancet},
id = {S0140-6736(09)60998-3 [pii] #AND# 10.1016/S0140-6736(09)60998-3 [doi]},
volume = {374},
pages = {229-37}}

@article {BaetDonn10,
author = {Baeten, J. M.  and Donnell, D.  and Kapiga, S. H.  and Ronald, A.  and John-Stewart, G.  and Inambao, M.  and Manongi, R.  and Vwalika, B.  and Celum, C.},
year = {2010 Mar 13},
title = {{Male circumcision and risk of male-to-female HIV-1 transmission: a multinational prospective study in African HIV-1-serodiscordant couples.}},
journal = {AIDS},
id = {10.1097/QAD.0b013e32833616e0 [doi]},
volume = {24},
pages = {737-44}}

@article {HogbLidd08,
author = {Hogben, M.  and Liddon, N.},
year = {2008 Dec},
title = {{Disinhibition and risk compensation: scope, definitions, and perspective.}},
journal = {Sex Transm Dis},
id = {10.1097/OLQ.0b013e31818eb752 [doi]},
volume = {35},
pages = {1009-10}}

@article {Limbvan13,
author = {Limburgh, C. M.  and van Schalkwyk, G. I.  and Lee, K. H.  and Buys, C.  and De Kock, M.  and Horn, M.  and Bhyat, A.  and van Schalkwyk, S. C.},
year = {2013},
title = {{Cutting to the chase: Participation factors, behavioral effects, and cultural perspectives of participants in an adult circumcision campaign.}},
journal = {AIDS Care},
id = {10.1080/09540121.2013.764392 [doi]},
volume = {25},
pages = {1278-83}}

@article {MattCamp08,
author = {Mattson, C. L.  and Campbell, R. T.  and Bailey, R. C.  and Agot, K.  and Ndinya-Achola, J. O.  and Moses, S.},
year = {2008},
title = {{Risk compensation is not associated with male circumcision in Kisumu, Kenya: a multi-faceted assessment of men enrolled in a randomized controlled trial.}},
journal = {PLoS One},
id = {10.1371/journal.pone.0002443 [doi]},
volume = {3},
pages = {e2443}}

@article {GrayWawe13,
author = {Gray, R. H.  and Wawer, M. J.  and Kigozi, G.},
year = {2013 Aug},
title = {{Programme science research on medical male circumcision scale-up in sub-Saharan Africa.}},
journal = {Sex Transm Infect},
id = {sextrans-2012-050595 [pii] #AND# 10.1136/sextrans-2012-050595 [doi]},
volume = {89},
pages = {345-9}}

@article {GrayLiX07,
author = {Gray, R. H.  and Li, X.  and Kigozi, G.  and Serwadda, D.  and Nalugoda, F.  and Watya, S.  and Reynolds, S. J.  and Wawer, M.},
year = {2007 Apr 23},
title = {{The impact of male circumcision on HIV incidence and cost per infection prevented: a stochastic simulation model from Rakai, Uganda.}},
journal = {AIDS},
id = {10.1097/QAD.0b013e3280187544 [doi] #AND# 00002030-200704230-00007 [pii]},
volume = {21},
pages = {845-50}}

@article {StonLow-04,
author = {Stoneburner, R. L.  and Low-Beer, D.},
year = {2004 Apr 30},
title = {{Population-level HIV declines and behavioral risk avoidance in Uganda.}},
journal = {Science},
id = {10.1126/science.1093166 [doi] #AND# 304/5671/714 [pii]},
volume = {304},
pages = {714-8}}

@article {Jewk10,
author = {Jewkes, R.},
year = {2010 Jul 9},
title = {{HIV/AIDS. Gender inequities must be addressed in HIV prevention.}},
journal = {Science},
id = {329/5988/145 [pii] #AND# 10.1126/science.1193794 [doi]},
volume = {329},
pages = {145-7}}

@article {FossHoss07,
author = {Foss, A. M.  and Hossain, M.  and Vickerman, P. T.  and Watts, C. H.},
year = {2007 Dec},
title = {{A systematic review of published evidence on intervention impact on condom use in sub-Saharan Africa and Asia.}},
journal = {Sex Transm Infect},
id = {sti.2007.027144 [pii] #AND# 10.1136/sti.2007.027144 [doi]},
volume = {83},
pages = {510-6}}

@article {MarsWood12,
author = {Marshall, B. D. L.  and Wood, E.},
year = {2012 Nov 28},
title = {{Putting risk compensation to rest: reframing the relationship between risk behavior and antiretroviral therapy among injection drug users.}},
journal = {AIDS},
id = {10.1097/QAD.0b013e3283519b42 [doi] #AND# 00002030-201211280-00016 [pii]},
volume = {26},
pages = {2405-7}}

@article {HalpMugu11,
author = {Halperin, D. T.  and Mugurungi, O.  and Hallett, T. B.  and Muchini, B.  and Campbell, B.  and Magure, T.  and Benedikt, C.  and Gregson, S.},
year = {2011},
title = {{A surprising prevention success: why did the HIV epidemic decline in Zimbabwe?}},
journal = {PLoS Med},
id = {10.1371/journal.pmed.1000414 [doi]},
volume = {8},
pages = {e1000414}}

@article {MattCamp10,
author = {Mattson, C. L.  and Campbell, R. T.  and Karabatsos, G.  and Agot, K.  and Ndinya-Achola, J. O.  and Moses, S.  and Bailey, R. C.},
year = {2010 Feb},
title = {{Scaling sexual behavior or "sexual risk propensity" among men at risk for HIV in Kisumu, Kenya.}},
journal = {AIDS Behav},
id = {10.1007/s10461-008-9423-z [doi]},
volume = {14},
pages = {162-72}}

@article {EatoKali07,
author = {Eaton, L. A.  and Kalichman, S.},
year = {2007 Dec},
title = {{Risk compensation in HIV prevention: implications for vaccines, microbicides, and other biomedical HIV prevention technologies.}},
journal = {Curr HIV/AIDS Rep},
id = {},
volume = {4},
pages = {165-72}}

@article {TramBert14,
author = {Tram, K. H.  and Bertrand, J. T.},
year = {2014},
title = {{Correlates of male circumcision in Eastern and Southern African countries: establishing a baseline prior to VMMC Scale-up.}},
journal = {PLoS One},
id = {10.1371/journal.pone.0100775 [doi] #AND# PONE-D-13-50813 [pii]},
volume = {9},
pages = {e100775}}

@article {CoatRich08,
author = {Coates, T. J.  and Richter, L.  and Caceres, C.},
year = {2008 Aug 23},
title = {{Behavioural strategies to reduce HIV transmission: how to make them work better.}},
journal = {Lancet},
id = {S0140-6736(08)60886-7 [pii] #AND# 10.1016/S0140-6736(08)60886-7 [doi]},
volume = {372},
pages = {669-84}}

@article {DunkJewk04,
author = {Dunkle, K. L.  and Jewkes, R. K.  and Brown, H. C.  and Gray, G. E.  and McIntryre, J. A.  and Harlow, S. D.},
year = {2004 May 1},
title = {{Gender-based violence, relationship power, and risk of HIV infection in women attending antenatal clinics in South Africa.}},
journal = {Lancet},
id = {10.1016/S0140-6736(04)16098-4 [doi] #AND# S0140-6736(04)16098-4 [pii]},
volume = {363},
pages = {1415-21}}

@article {MaugVenk13,
author = {Maughan-Brown, B.  and Venkataramani, A. S.},
year = {2013 Apr 1},
title = {{Incorrect beliefs about male circumcision and male-to-female HIV transmission risk in South Africa: implications for prevention.}},
journal = {J Acquir Immune Defic Syndr},
id = {10.1097/QAI.0b013e3182826343 [doi] #AND# 00126334-201304010-00020 [pii]},
volume = {62},
pages = {e121-3}}

@article {MattBail05,
author = {Mattson, C. L.  and Bailey, R. C.  and Muga, R.  and Poulussen, R.  and Onyango, T.},
year = {2005 Feb},
title = {{Acceptability of male circumcision and predictors of circumcision preference among men and women in Nyanza Province, Kenya.}},
journal = {AIDS Care},
id = {G702XH254NRK3G5Q [pii] #AND# 10.1080/09540120512331325671 [doi]},
volume = {17},
pages = {182-94}}

@article {DunkStep08,
author = {Dunkle, K. L.  and Stephenson, R.  and Karita, E.  and Chomba, E.  and Kayitenkore, K.  and Vwalika, C.  and Greenberg, L.  and Allen, S.},
year = {2008 Jun 28},
title = {{New heterosexually transmitted HIV infections in married or cohabiting couples in urban Zambia and Rwanda: an analysis of survey and clinical data.}},
journal = {Lancet},
id = {S0140-6736(08)60953-8 [pii] #AND# 10.1016/S0140-6736(08)60953-8 [doi]},
volume = {371},
pages = {2183-91}}

@article {TobiGray11,
author = {Tobian, A. A. R.  and Gray, R. H.},
year = {2011 Oct 5},
title = {{The medical benefits of male circumcision.}},
journal = {JAMA},
id = {306/13/1479 [pii] #AND# 10.1001/jama.2011.1431 [doi]},
volume = {306},
pages = {1479-80}}

@article {GrayKigo12,
author = {Gray, R.  and Kigozi, G.  and Kong, X.  and Ssempiija, V.  and Makumbi, F.  and Wattya, S.  and Serwadda, D.  and Nalugoda, F.  and Sewenkambo, N. K.  and Wawer, M. J.},
year = {2012 Mar 13},
title = {{The effectiveness of male circumcision for HIV prevention and effects on risk behaviors in a posttrial follow-up study.}},
journal = {AIDS},
id = {10.1097/QAD.0b013e3283504a3f [doi]},
volume = {26},
pages = {609-15}}

@article {,
author = {},
year = {2012 Nov 30},
title = {{}},
journal = {},
id = {mm6147a2 [pii]},
volume = {},
pages = {}}

@article {JoneCrem14,
author = {Jones, A.  and Cremin, I.  and Abdullah, F.  and Idoko, J.  and Cherutich, P.  and Kilonzo, N.  and Rees, H.  and Hallett, T.  and O'Reilly, K.  and Koechlin, F.  and Schwartlander, B.  and de Zalduondo, B.  and Kim, S.  and Jay, J.  and Huh, J.  and Piot, P.  and Dybul, M.},
year = {2014 Jul 19},
title = {{Transformation of HIV from pandemic to low-endemic levels: a public health approach to combination prevention.}},
journal = {Lancet},
id = {S0140-6736(13)62230-8 [pii] #AND# 10.1016/S0140-6736(13)62230-8 [doi]},
volume = {384},
pages = {272-9}}

@article {WeisDick10,
author = {Weiss, H. A.  and Dickson, K. E.  and Agot, K.  and Hankins, C. A.},
year = {2010 Oct},
title = {{Male circumcision for HIV prevention: current research and programmatic issues.}},
journal = {AIDS},
id = {10.1097/01.aids.0000390708.66136.f4 [doi] #AND# 00002030-201010004-00007 [pii]},
volume = {24 Suppl 4},
pages = {S61-9}}

@article {CameSimo89,
author = {Cameron, D. W.  and Simonsen, J. N.  and D'Costa, L. J.  and Ronald, A. R.  and Maitha, G. M.  and Gakinya, M. N.  and Cheang, M.  and Ndinya-Achola, J. O.  and Piot, P.  and Brunham, R. C.},
year = {1989 Aug 19},
title = {{Female to male transmission of human immunodeficiency virus type 1: risk factors for seroconversion in men.}},
journal = {Lancet},
id = {S0140-6736(89)90589-8 [pii]},
volume = {2},
pages = {403-7}}

@article {MannMaci11,
author = {Manne, J.  and Maciag, K.},
year = {2011 Dec 17},
title = {{Neglected tropical diseases and the HIV prevention agenda.}},
journal = {Lancet},
id = {S0140-6736(11)61897-7 [pii] #AND# 10.1016/S0140-6736(11)61897-7 [doi]},
volume = {378},
pages = {2069-70}}

@article {LayeBeck14,
author = {Layer, E. H.  and Beckham, S. W.  and Momburi, R. B.  and Peter, M.  and Laizer, E.  and Kennedy, C. E.},
year = {2014 Jan 9},
title = {{'He is proud of my courage to ask him to be circumcised': experiences of female partners of male circumcision clients in Iringa region, Tanzania.}},
journal = {Cult Health Sex},
id = {10.1080/13691058.2013.873481 [doi]},
volume = {},
pages = {2014 Jan 9}}

@article {GreeHalp06,
author = {Green, E. C.  and Halperin, D. T.  and Nantulya, V.  and Hogle, J. A.},
year = {2006 Jul},
title = {{Uganda's HIV prevention success: the role of sexual behavior change and the national response.}},
journal = {AIDS Behav},
id = {10.1007/s10461-006-9073-y [doi]},
volume = {10},
pages = {335-46; discussion 347-50}}

@article {PadiMcCo11,
author = {Padian, N. S.  and McCoy, S. I.  and Karim, S. S. A.  and Hasen, N.  and Kim, J.  and Bartos, M.  and Katabira, E.  and Bertozzi, S. M.  and Schwartlander, B.  and Cohen, M. S.},
year = {2011 Jul 16},
title = {{HIV prevention transformed: the new prevention research agenda.}},
journal = {Lancet},
id = {S0140-6736(11)60877-5 [pii] #AND# 10.1016/S0140-6736(11)60877-5 [doi]},
volume = {378},
pages = {269-78}}

@article {TobiKigo12,
author = {Tobian, A. A. R.  and Kigozi, G.  and Redd, A. D.  and Serwadda, D.  and Kong, X.  and Oliver, A.  and Nalugoda, F.  and Quinn, T. C.  and Gray, R. H.  and Wawer, M. J.},
year = {2012 Feb 1},
title = {{Male circumcision and herpes simplex virus type 2 infection in female partners: a randomized trial in Rakai, Uganda.}},
journal = {J Infect Dis},
id = {jir767 [pii] #AND# 10.1093/infdis/jir767 [doi]},
volume = {205},
pages = {486-90}}

@article {WestJaok16,
author = {Westercamp, M.  and Jaoko, W.  and Mehta, S.  and Abuor, P.  and Siambe, P.  and Bailey, R. C.},
year = {2016 Sep 13},
title = {{Changes in Male Circumcision Prevalence and Risk Compensation in the Kisumu, Kenya Population 2008-2013.}},
journal = {J Acquir Immune Defic Syndr},
id = {10.1097/QAI.0000000000001180 [doi]},
volume = {},
pages = {2016 Sep 13}}

@article {MuhaIbra13,
author = {Muhamadi, L.  and Ibrahim, M.  and Wabwire-Mangen, F.  and Peterson, S.  and Reynolds, S. J.},
year = {2013},
title = {{Perceived medical benefit, peer/partner influence and safety and cost to access the service: client motivators for voluntary seeking of medical male circumcision in Iganga district eastern Uganda, a qualitative study.}},
journal = {Pan Afr Med J},
id = {10.11604/pamj.2013.15.117.2540 [doi] #AND# PAMJ-15-117 [pii]},
volume = {15},
pages = {117}}

@article {,
author = {},
year = {2009 Sep},
title = {{}},
journal = {},
id = {10.1371/journal.pmed.1000109 [doi]},
volume = {},
pages = {}}

@article {AndeOwen11,
author = {Andersson, K. M.  and Owens, D. K.  and Paltiel, A. D.},
year = {2011 Jul},
title = {{Scaling up circumcision programs in Southern Africa: the potential impact of gender disparities and changes in condom use behaviors on heterosexual HIV transmission.}},
journal = {AIDS Behav},
id = {10.1007/s10461-010-9784-y [doi]},
volume = {15},
pages = {938-48}}

@article {CeleNels98,
author = {Celentano, D. D.  and Nelson, K. E.  and Lyles, C. M.  and Beyrer, C.  and Eiumtrakul, S.  and Go, V. F.  and Kuntolbutra, S.  and Khamboonruang, C.},
year = {1998 Mar 26},
title = {{Decreasing incidence of HIV and sexually transmitted diseases in young Thai men: evidence for success of the HIV/AIDS control and prevention program.}},
journal = {AIDS},
id = {},
volume = {12},
pages = {F29-36}}

@article {AgotKiar07,
author = {Agot, K. E.  and Kiarie, J. N.  and Nguyen, H. Q.  and Odhiambo, J. O.  and Onyango, T. M.  and Weiss, N. S.},
year = {2007 Jan 1},
title = {{Male circumcision in Siaya and Bondo Districts, Kenya: prospective cohort study to assess behavioral disinhibition following circumcision.}},
journal = {J Acquir Immune Defic Syndr},
id = {10.1097/01.qai.0000242455.05274.20 [doi]},
volume = {44},
pages = {66-70}}

@article {EatoHall11,
author = {Eaton, J. W.  and Hallett, T. B.  and Garnett, G. P.},
year = {2011 May},
title = {{Concurrent sexual partnerships and primary HIV infection: a critical interaction.}},
journal = {AIDS Behav},
id = {10.1007/s10461-010-9787-8 [doi]},
volume = {15},
pages = {687-92}}

@article {MaugGodl15,
author = {Maughan-Brown, B.  and Godlonton, S.  and Thornton, R.  and Venkataramani, A. S.},
year = {2015 Jul},
title = {{What Do People Actually Learn from Public Health Campaigns? Incorrect Inferences About Male Circumcision and Female HIV Infection Risk Among Men and Women in Malawi.}},
journal = {AIDS Behav},
id = {10.1007/s10461-014-0882-0 [doi]},
volume = {19},
pages = {1170-7}}

@article {AuveTalj05,
author = {Auvert, B.  and Taljaard, D.  and Lagarde, E.  and Sobngwi-Tambekou, J.  and Sitta, R.  and Puren, A.},
year = {2005 Nov},
title = {{Randomized, controlled intervention trial of male circumcision for reduction of HIV infection risk: the ANRS 1265 Trial.}},
journal = {PLoS Med},
id = {05-PLME-RA-0310R1 [pii] #AND# 10.1371/journal.pmed.0020298 [doi]},
volume = {2},
pages = {e298}}

@article {MantSmit13,
author = {Mantell, J. E.  and Smit, J. A.  and Saffitz, J. L.  and Milford, C.  and Mosery, N.  and Mabude, Z.  and Tesfay, N.  and Sibiya, S.  and Rambally, L.  and Masvawure, T. B.  and Kelvin, E. A.  and Stein, Z. A.},
year = {2013 May},
title = {{Medical male circumcision and HIV risk: perceptions of women in a higher learning institution in KwaZulu-Natal, South Africa.}},
journal = {Sex Health},
id = {SH12067 [pii] #AND# 10.1071/SH12067 [doi]},
volume = {10},
pages = {112-8}}

@article {HabeKell16,
author = {Haberland, N. A.  and Kelly, C. A.  and Mulenga, D. M.  and Mensch, B. S.  and Hewett, P. C.},
year = {2016},
title = {{Women's Perceptions and Misperceptions of Male Circumcision: A Mixed Methods Study in Zambia.}},
journal = {PLoS One},
id = {10.1371/journal.pone.0149517 [doi] #AND# PONE-D-14-49629 [pii]},
volume = {11},
pages = {e0149517}}

@article {PiotCara88,
author = {Piot, P.  and Carael, M.},
year = {1988 Jan},
title = {{Epidemiological and sociological aspects of HIV-infection in developing countries.}},
journal = {Br Med Bull},
id = {},
volume = {44},
pages = {68-88}}

@article {WeisHank09,
author = {Weiss, H. A.  and Hankins, C. A.  and Dickson, K.},
year = {2009 Nov},
title = {{Male circumcision and risk of HIV infection in women: a systematic review and meta-analysis.}},
journal = {Lancet Infect Dis},
id = {S1473-3099(09)70235-X [pii] #AND# 10.1016/S1473-3099(09)70235-X [doi]},
volume = {9},
pages = {669-77}}

@article {,
author = {},
year = {2013 Oct},
title = {{}},
journal = {},
id = {NBK189840 [bookaccession] },
volume = {},
pages = {}}

@article {L_EnLanh14,
author = {L'Engle, K.  and Lanham, M.  and Loolpapit, M.  and Oguma, I.},
year = {2014 Feb},
title = {{Understanding partial protection and HIV risk and behavior following voluntary medical male circumcision rollout in Kenya.}},
journal = {Health Educ Res},
id = {cyt103 [pii] #AND# 10.1093/her/cyt103 [doi]},
volume = {29},
pages = {122-30}}

@article {ForbDoyl12,
author = {Forbes, H. J.  and Doyle, A. M.  and Maganja, K.  and Changalucha, J.  and Weiss, H. A.  and Ross, D. A.  and Hayes, R. J.},
year = {2012},
title = {{Rapid increase in prevalence of male circumcision in rural Tanzania in the absence of a promotional campaign.}},
journal = {PLoS One},
id = {10.1371/journal.pone.0040507 [doi] #AND# PONE-D-12-01051 [pii]},
volume = {7},
pages = {e40507}}

@article {ThomTran11,
author = {Thomas, A. G.  and Tran, B. R.  and Cranston, M.  and Brown, M. C.  and Kumar, R.  and Tlelai, M.},
year = {2011},
title = {{Voluntary medical male circumcision: a cross-sectional study comparing circumcision self-report and physical examination findings in Lesotho.}},
journal = {PLoS One},
id = {10.1371/journal.pone.0027561 [doi] #AND# PONE-D-11-11524 [pii]},
volume = {6},
pages = {e27561}}

@article {HermBail12,
author = {Herman-Roloff, A.  and Bailey, R. C.  and Agot, K.},
year = {2012 Jul},
title = {{Factors associated with the early resumption of sexual activity following medical male circumcision in Nyanza province, Kenya.}},
journal = {AIDS Behav},
id = {10.1007/s10461-011-0073-1 [doi]},
volume = {16},
pages = {1173-81}}

@article {GalbOchi14,
author = {Galbraith, J. S.  and Ochieng, A.  and Mwalili, S.  and Emusu, D.  and Mwandi, Z.  and Kim, A. A.  and Rutherford, G.  and Maina, W. K.  and Kimanga, D. O.  and Chesang, K.  and Cherutich, P.},
year = {2014 May 1},
title = {{Status of voluntary medical male circumcision in Kenya: findings from 2 nationally representative surveys in Kenya, 2007 and 2012.}},
journal = {J Acquir Immune Defic Syndr},
id = {10.1097/QAI.0000000000000121 [doi] #AND# 00126334-201405011-00005 [pii]},
volume = {66 Suppl 1},
pages = {S37-45}}

@article {KlauMorr12,
author = {Klausner, J. D.  and Morris, B. J.},
year = {2012 Feb 1},
title = {{Benefits of male circumcision.}},
journal = {JAMA},
id = {307/5/455-a [pii] #AND# 10.1001/jama.2012.60 [doi]},
volume = {307},
pages = {455-6; author reply 457}}

@article {LayeBeck13,
author = {Layer, E. H.  and Beckham, S. W.  and Mgeni, L.  and Shembilu, C.  and Momburi, R. B.  and Kennedy, C. E.},
year = {2013},
title = {{"After my husband's circumcision, I know that I am safe from diseases": women's attitudes and risk perceptions towards male circumcision in Iringa, Tanzania.}},
journal = {PLoS One},
id = {10.1371/journal.pone.0074391 [doi] #AND# PONE-D-13-15923 [pii]},
volume = {8},
pages = {e74391}}

@article {CoheSmit13,
author = {Cohen, M. S.  and Smith, M. K.  and Muessig, K. E.  and Hallett, T. B.  and Powers, K. A.  and Kashuba, A. D.},
year = {2013 Nov 2},
title = {{Antiretroviral treatment of HIV-1 prevents transmission of HIV-1: where do we go from here?}},
journal = {Lancet},
id = {S0140-6736(13)61998-4 [pii] #AND# 10.1016/S0140-6736(13)61998-4 [doi]},
volume = {382},
pages = {1515-24}}

@article {MaugVenk12,
author = {Maughan-Brown, B.  and Venkataramani, A. S.},
year = {2012},
title = {{Learning that circumcision is protective against HIV: risk compensation among men and women in Cape Town, South Africa.}},
journal = {PLoS One},
id = {10.1371/journal.pone.0040753 [doi] #AND# PONE-D-12-08743 [pii]},
volume = {7},
pages = {e40753}}

@article {OberRajk04,
author = {Obermeyer, C. M.  and Rajkumar, R.},
year = {2004 Nov 17},
title = {{HAART and sexual risk behavior.}},
journal = {JAMA},
id = {292/19/2335-a [pii] #AND# 10.1001/jama.292.19.2335-b [doi]},
volume = {292},
pages = {2335; author reply 2336}}

@article {KellKupu13,
author = {Kelly, A.  and Kupul, M.  and Aeno, H.  and Shih, P.  and Naketrumb, R.  and Neo, J.  and Fitzgerald, L.  and Kaldor, J. M.  and Siba, P. M.  and Vallely, A.},
year = {2013 Feb},
title = {{Why women object to male circumcision to prevent HIV in a moderate-prevalence setting.}},
journal = {Qual Health Res},
id = {1049732312467234 [pii] #AND# 10.1177/1049732312467234 [doi]},
volume = {23},
pages = {180-93}}

@article {WestAgot12,
author = {Westercamp, M.  and Agot, K. E.  and Ndinya-Achola, J.  and Bailey, R. C.},
year = {2012},
title = {{Circumcision preference among women and uncircumcised men prior to scale-up of male circumcision for HIV prevention in Kisumu, Kenya.}},
journal = {AIDS Care},
id = {10.1080/09540121.2011.597944 [doi]},
volume = {24},
pages = {157-66}}

@article {KibiMaku15,
author = {Kibira, S. P. S.  and Makumbi, F.  and Daniel, M.  and Atuyambe, L. M.  and Sandoy, I. F.},
year = {2015},
title = {{Sexual Risk Behaviours and Willingness to Be Circumcised among Uncircumcised Adult Men in Uganda.}},
journal = {PLoS One},
id = {10.1371/journal.pone.0144843 [doi] #AND# PONE-D-15-30704 [pii]},
volume = {10},
pages = {e0144843}}

@article {GrayKigo07,
author = {Gray, R. H.  and Kigozi, G.  and Serwadda, D.  and Makumbi, F.  and Watya, S.  and Nalugoda, F.  and Kiwanuka, N.  and Moulton, L. H.  and Chaudhary, M. A.  and Chen, M. Z.  and Sewankambo, N. K.  and Wabwire-Mangen, F.  and Bacon, M. C.  and Williams, C. F. M.  and Opendi, P.  and Reynolds, S. J.  and Laeyendecker, O.  and Quinn, T. C.  and Wawer, M. J.},
year = {2007 Feb 24},
title = {{Male circumcision for HIV prevention in men in Rakai, Uganda: a randomised trial.}},
journal = {Lancet},
id = {S0140-6736(07)60313-4 [pii] #AND# 10.1016/S0140-6736(07)60313-4 [doi]},
volume = {369},
pages = {657-66}}

@article {NjeuFors11,
author = {Njeuhmeli, E.  and Forsythe, S.  and Reed, J.  and Opuni, M.  and Bollinger, L.  and Heard, N.  and Castor, D.  and Stover, J.  and Farley, T.  and Menon, V.  and Hankins, C.},
year = {2011 Nov},
title = {{Voluntary medical male circumcision: modeling the impact and cost of expanding male circumcision for HIV prevention in eastern and southern Africa.}},
journal = {PLoS Med},
id = {10.1371/journal.pmed.1001132 [doi] #AND# PMEDICINE-D-11-01227 [pii]},
volume = {8},
pages = {e1001132}}

@article {MatoSsem07,
author = {Matovu, J. K.  and Ssempijja, V.  and Makumbi, F. E.  and Gray, R. H.  and Kigozi, G.  and Nalugoda, F.  and Serwadda, D.  and Wawer, M. J.},
year = {2007 May},
title = {{Sexually transmitted infection management, safer sex promotion and voluntary HIV counselling and testing in the male circumcision trial, Rakai, Uganda.}},
journal = {Reprod Health Matters},
id = {S0968-8080(07)29306-1 [pii] #AND# 10.1016/S0968-8080(07)29306-1 [doi]},
volume = {15},
pages = {68-74}}

@article {EatoKali09,
author = {Eaton, L.  and Kalichman, S. C.},
year = {2009 Nov},
title = {{Behavioral aspects of male circumcision for the prevention of HIV infection.}},
journal = {Curr HIV/AIDS Rep},
id = {},
volume = {6},
pages = {187-93}}

@article {GrayKiwa00,
author = {Gray, R. H.  and Kiwanuka, N.  and Quinn, T. C.  and Sewankambo, N. K.  and Serwadda, D.  and Mangen, F. W.  and Lutalo, T.  and Nalugoda, F.  and Kelly, R.  and Meehan, M.  and Chen, M. Z.  and Li, C.  and Wawer, M. J.},
year = {2000 Oct 20},
title = {{Male circumcision and HIV acquisition and transmission: cohort studies in Rakai, Uganda. Rakai Project Team.}},
journal = {AIDS},
id = {},
volume = {14},
pages = {2371-81}}

@article {GuthdeB07,
author = {Guthrie, B. L.  and de Bruyn, G.  and Farquhar, C.},
year = {2007 Jul},
title = {{HIV-1-discordant couples in sub-Saharan Africa: explanations and implications for high rates of discordancy.}},
journal = {Curr HIV Res},
id = {},
volume = {5},
pages = {416-29}}

@article {ChikNcub15,
author = {Chikutsa, A.  and Ncube, A. C.  and Mutsau, S.},
year = {2015},
title = {{Association between wanting circumcision and risky sexual behaviour in Zimbabwe: evidence from the 2010-11 Zimbabwe demographic and health survey.}},
journal = {Reprod Health},
id = {10.1186/s12978-015-0001-3 [doi] #AND# 10.1186/s12978-015-0001-3 [pii]},
volume = {12},
pages = {15}}

@article {MahlKile11,
author = {Mahler, H. R.  and Kileo, B.  and Curran, K.  and Plotkin, M.  and Adamu, T.  and Hellar, A.  and Koshuma, S.  and Nyabenda, S.  and Machaku, M.  and Lukobo-Durrell, M.  and Castor, D.  and Njeuhmeli, E.  and Fimbo, B.},
year = {2011 Nov},
title = {{Voluntary medical male circumcision: matching demand and supply with quality and efficiency in a high-volume campaign in Iringa Region, Tanzania.}},
journal = {PLoS Med},
id = {10.1371/journal.pmed.1001131 [doi] #AND# PMEDICINE-D-11-01225 [pii]},
volume = {8},
pages = {e1001131}}

@article {CrepHart04,
author = {Crepaz, N.  and Hart, T. A.  and Marks, G.},
year = {2004 Jul 14},
title = {{Highly active antiretroviral therapy and sexual risk behavior: a meta-analytic review.}},
journal = {JAMA},
id = {10.1001/jama.292.2.224 [doi] #AND# 292/2/224 [pii]},
volume = {292},
pages = {224-36}}

@article {WestBail07,
author = {Westercamp, N.  and Bailey, R. C.},
year = {2007 May},
title = {{Acceptability of male circumcision for prevention of HIV/AIDS in sub-Saharan Africa: a review.}},
journal = {AIDS Behav},
id = {10.1007/s10461-006-9169-4 [doi]},
volume = {11},
pages = {341-55}}

@article {BailMose07,
author = {Bailey, R. C.  and Moses, S.  and Parker, C. B.  and Agot, K.  and Maclean, I.  and Krieger, J. N.  and Williams, C. F. M.  and Campbell, R. T.  and Ndinya-Achola, J. O.},
year = {2007 Feb 24},
title = {{Male circumcision for HIV prevention in young men in Kisumu, Kenya: a randomised controlled trial.}},
journal = {Lancet},
id = {S0140-6736(07)60312-2 [pii] #AND# 10.1016/S0140-6736(07)60312-2 [doi]},
volume = {369},
pages = {643-56}}

@article {WilcMiir10,
author = {Wilcken, A.  and Miiro-Nakayima, F.  and Hizaamu, R. N. B.  and Keil, T.  and Balaba-Byansi, D.},
year = {2010},
title = {{Male circumcision for HIV prevention--a cross-sectional study on awareness among young people and adults in rural Uganda.}},
journal = {BMC Public Health},
id = {1471-2458-10-209 [pii] #AND# 10.1186/1471-2458-10-209 [doi]},
volume = {10},
pages = {209}}

@article {MehtGray09,
author = {Mehta, S. D.  and Gray, R. H.  and Auvert, B.  and Moses, S.  and Kigozi, G.  and Taljaard, D.  and Puren, A.  and Agot, K.  and Serwadda, D.  and Parker, C. B.  and Wawer, M. J.  and Bailey, R. C.},
year = {2009 Jul 31},
title = {{Does sex in the early period after circumcision increase HIV-seroconversion risk? Pooled analysis of adult male circumcision clinical trials.}},
journal = {AIDS},
id = {10.1097/QAD.0b013e32832afe95 [doi]},
volume = {23},
pages = {1557-64}}

@article {ChikMaha15,
author = {Chikutsa, A.  and Maharaj, P.},
year = {2015},
title = {{Social representations of male circumcision as prophylaxis against HIV/AIDS in Zimbabwe.}},
journal = {BMC Public Health},
id = {10.1186/s12889-015-1967-z [doi] #AND# 10.1186/s12889-015-1967-z [pii]},
volume = {15},
pages = {603}}

@article {BrooEtze10,
author = {Brooks, R. A.  and Etzel, M.  and Klosinski, L. E.  and Leibowitz, A. A.  and Sawires, S.  and Szekeres, G.  and Weston, M.  and Coates, T. J.},
year = {2010 Oct},
title = {{Male circumcision and HIV prevention: looking to the future.}},
journal = {AIDS Behav},
id = {10.1007/s10461-009-9523-4 [doi]},
volume = {14},
pages = {1203-6}}

@article {KatzSchw02,
author = {Katz, M. H.  and Schwarcz, S. K.  and Kellogg, T. A.  and Klausner, J. D.  and Dilley, J. W.  and Gibson, S.  and McFarland, W.},
year = {2002 Mar},
title = {{Impact of highly active antiretroviral treatment on HIV seroincidence among men who have sex with men: San Francisco.}},
journal = {Am J Public Health},
id = {},
volume = {92},
pages = {388-94}}

@article {KaliEato07,
author = {Kalichman, S. C.  and Eaton, L.  and Pinkerton, S. D.},
year = {2007 May 12},
title = {{Male circumcision in HIV prevention.}},
journal = {Lancet},
id = {S0140-6736(07)60734-X [pii] #AND# 10.1016/S0140-6736(07)60734-X [doi]},
volume = {369},
pages = {1597; author reply 1598-9}}

@article {Dude11,
author = {Dude, A. M.},
year = {2011 Jan},
title = {{Spousal intimate partner violence is associated with HIV and Other STIs among married Rwandan women.}},
journal = {AIDS Behav},
id = {10.1007/s10461-009-9526-1 [doi]},
volume = {15},
pages = {142-52}}

@article {MavhBuzd11,
author = {Mavhu, W.  and Buzdugan, R.  and Langhaug, L. F.  and Hatzold, K.  and Benedikt, C.  and Sherman, J.  and Laver, S. M.  and Mundida, O.  and Woelk, G.  and Cowan, F. M.},
year = {2011 May},
title = {{Prevalence and factors associated with knowledge of and willingness for male circumcision in rural Zimbabwe.}},
journal = {Trop Med Int Health},
id = {10.1111/j.1365-3156.2011.02744.x [doi]},
volume = {16},
pages = {589-97}}

@article {WestAgot14,
author = {Westercamp, N.  and Agot, K.  and Jaoko, W.  and Bailey, R. C.},
year = {2014 Sep},
title = {{Risk compensation following male circumcision: results from a two-year prospective cohort study of recently circumcised and uncircumcised men in Nyanza Province, Kenya.}},
journal = {AIDS Behav},
id = {10.1007/s10461-014-0846-4 [doi]},
volume = {18},
pages = {1764-75}}

@article {KongKigo12,
author = {Kong, X.  and Kigozi, G.  and Nalugoda, F.  and Musoke, R.  and Kagaayi, J.  and Latkin, C.  and Ssekubugu, R.  and Lutalo, T.  and Nantume, B.  and Boaz, I.  and Wawer, M.  and Serwadda, D.  and Gray, R.},
year = {2012 Nov 15},
title = {{Assessment of changes in risk behaviors during 3 years of posttrial follow-up of male circumcision trial participants uncircumcised at trial closure in Rakai, Uganda.}},
journal = {Am J Epidemiol},
id = {kws179 [pii] #AND# 10.1093/aje/kws179 [doi]},
volume = {176},
pages = {875-85}}

@article {TurnMorr07,
author = {Turner, A. N.  and Morrison, C. S.  and Padian, N. S.  and Kaufman, J. S.  and Salata, R. A.  and Chipato, T.  and Mmiro, F. A.  and Mugerwa, R. D.  and Behets, F. M.  and Miller, W. C.},
year = {2007 Aug 20},
title = {{Men's circumcision status and women's risk of HIV acquisition in Zimbabwe and Uganda.}},
journal = {AIDS},
id = {10.1097/QAD.0b013e32827b144c [doi] #AND# 00002030-200708200-00014 [pii]},
volume = {21},
pages = {1779-89}}

@article {DickTran11,
author = {Dickson, K. E.  and Tran, N. T.  and Samuelson, J. L.  and Njeuhmeli, E.  and Cherutich, P.  and Dick, B.  and Farley, T.  and Ryan, C.  and Hankins, C. A.},
year = {2011 Nov},
title = {{Voluntary medical male circumcision: a framework analysis of policy and program implementation in eastern and southern Africa.}},
journal = {PLoS Med},
id = {10.1371/journal.pmed.1001133 [doi] #AND# PMEDICINE-D-11-01285 [pii]},
volume = {8},
pages = {e1001133}}

